<record><leader>00000cas a22000007a 4500</leader><controlfield tag="001">17734603</controlfield><controlfield tag="008">880405d19151916laudn ne      0    0eng d</controlfield><datafield ind1=" " ind2=" " tag="010"><subfield code="a">sn 88064292 </subfield></datafield><datafield ind1=" " ind2=" " tag="040"><subfield code="a">LNP</subfield><subfield code="b">eng</subfield><subfield code="c">LNP</subfield><subfield code="d">OCLCQ</subfield><subfield code="d">OCLCF</subfield><subfield code="d">OCLCO</subfield></datafield><datafield ind1="1" ind2=" " tag="029"><subfield code="a">AU@</subfield><subfield code="b">000020492620</subfield></datafield><datafield ind1=" " ind2=" " tag="042"><subfield code="a">msc</subfield></datafield><datafield ind1=" " ind2=" " tag="043"><subfield code="a">n-us-la</subfield></datafield><datafield ind1="0" ind2="4" tag="245"><subfield code="a">The Review-bulletin.</subfield></datafield><datafield ind1=" " ind2=" " tag="260"><subfield code="a">Morgan City, La. :</subfield><subfield code="b">Geo. E. Lagarde</subfield></datafield><datafield ind1=" " ind2=" " tag="310"><subfield code="a">Daily (except Sun.)</subfield></datafield><datafield ind1="1" ind2=" " tag="362"><subfield code="a">Began in 1915?</subfield></datafield><datafield ind1="0" ind2=" " tag="362"><subfield code="a">-v. 2, no. 5 (Aug. 12, 1916).</subfield></datafield><datafield ind1=" " ind2=" " tag="588"><subfield code="a">Description based on: Vol. 1, no. 4 (Aug. 28, 1915).</subfield></datafield><datafield ind1=" " ind2="0" tag="651"><subfield code="a">Morgan City (La.)</subfield><subfield code="v">Newspapers.</subfield></datafield><datafield ind1=" " ind2="7" tag="655"><subfield code="a">Newspapers.</subfield><subfield code="2">fast</subfield><subfield code="0">(OCoLC)fst01423814</subfield></datafield><datafield ind1=" " ind2="7" tag="651"><subfield code="a">Louisiana</subfield><subfield code="z">Morgan City.</subfield><subfield code="2">fast</subfield><subfield code="0">(OCoLC)fst01226280</subfield></datafield><datafield ind1=" " ind2=" " tag="752"><subfield code="a">United States</subfield><subfield code="b">Louisiana</subfield><subfield code="c">Saint Mary</subfield><subfield code="d">Morgan City.</subfield></datafield><datafield ind1="0" ind2="0" tag="780"><subfield code="t">Morgan City review (Morgan City, La.)</subfield><subfield code="w">(DLC)sn 88064291</subfield></datafield><datafield ind1="0" ind2="0" tag="785"><subfield code="t">Morgan City daily review</subfield><subfield code="w">(DLC)sn 88064293</subfield></datafield></record>